@book{BlockchainRevolution,
    author={Tapscott, Don; Tapscott, Alex},
    year={2016},
    title={The Blockchain Revolution: How the Technology Behind Bitcoin is Changing Money, Business, and the World.}
}

@online{go-ethereum,
	author={ethereum open source consortium},
	year={2017},
	month={5},
	urldate={2017-05-11},
	url={https://github.com/ethereum/go-ethereum}
}

@online{Ethereum_Whitepaper,
    author={ethereum open source consortium},
	year={2017},
	month={5},
	urldate={2017-05-31},
    url={https://github.com/ethereum/wiki/wiki/White-Paper}
}

@online{Ethereum_Yellowpaper,
    author={Dr. Gavin Wood},
	year={2017},
	month={5},
	urldate={2017-05-31},
    url={http://yellowpaper.io/}
}

@online{Ethash,
    author={ethereum open source consortium},
	year={2017},
	month={5},
	day={15},
	urldate={2017-05-15},
    url={https://github.com/ethereum/wiki/wiki/Ethash}
}

@online{ethereum.org,
    author={ethereum open source consortium},
	year={2017},
	month={5},
	urldate={2017-05-21},
    url={https://ethereum.org}
}

@online{gartner.com_iot,
    author={gartner.com},
	year={2017},
	month={2},
	urldate={2017-02-17},
    url={http://www.gartner.com/newsroom/id/3598917}
}

@online{hyperledger.org,
    author={hyperledger.org},
	year={2017},
	month={3},
	urldate={2017-03-04},
    url={https://www.hyperledger.org/}
}

@online{news.bitcoin.com,
    author={new.bitcoin.com},
	year={2017},
	month={3},
	urldate={2017-03-04},
    url={https://news.bitcoin.com}
}

@online{bitcoin.com,
    author={bitcoin.com},
	year={2017},
	month={3},
	urldate={2017-03-04},
    url={https://bitcoin.com}
}

@online{tendermint.com,
    author={tendermin.com},
	year={2017},
	month={3},
	urldate={2017-03-04},
    url={https://tendermint.com/}
}

@online{nxt.org,
    author={nxt.org},
	year={2017},
	month={3},
	urldate={2017-03-04},
    url={https://nxt.org/}
}

@online{github.com/ethereum_poa,
    author={ethereum},
	year={2017},
	month={3},
	urldate={2017-03-25},
    url={https://github.com/ethereum/go-ethereum/pull/3753}
}

@online{coinmanual.com/pos,
    author={coinmanual.com},
	year={2017},
	month={3},
	urldate={2017-03-23},
    url={https://www.coinmanual.com/proof\-stake/}
}

@online{bitcoin.it/pos,
    author={bitcoin.com},
	year={2017},
	month={3},
	urldate={2017-03-23},
    url={https://en.bitcoin.it/wiki/Proof\_of\_Stake}
}

@manual{cost_nothing_kill_pos,
    author={Nicolas Houy},
    title={It Will Cost You Nothing to 'Kill' a Proof-of-Stake Crypto-Currency},
    year={2014},
    month={2},
    urldate={2017-03-18},
    url={https://papers.ssrn.com/sol3/papers.cfm?abstract_id=2393940},
    hyphenation={english}
}

@online{github.com/hyperledger/burrow,
    author={hyperledger},
	year={2017},
	month={4},
	urldate={2017-04-17},
    url={https://github.com/hyperledger/burrow}
}

@online{web3js.readthedocs.io,
    author={Ethereum},
	year={2017},
	month={5},
	urldate={2017-05-11},
    url={http://web3js.readthedocs.io/en/1.0/}
}

@online{github.com/ethereum/web3js,
    author={Ethereum},
	year={2017},
	month={5},
	urldate={2017-05-11},
    url={https://github.com/ethereum/wiki/wiki/JavaScript-API}
}

@online{wiki.hyperledger.org,
    author={Ethereum},
	year={2017},
	month={5},
	urldate={2017-05-02},
    url={https://wiki.hyperledger.org/}
}

@online{ethereum-homestead.readthedocs.io,
    author={Ethereum},
	year={2017},
	month={5},
	urldate={2017-05-02},
    url={http://ethereum-homestead.readthedocs.io/en/latest/}
}

@online{blog.b9lab.com/faucet,
    author={Edward Hall},
	year={2017},
	month={2},
	urldate={2017-02-04},
    url={https://blog.b9lab.com/when-we-first-built-our-faucet-we-deployed-it-on-the-morden-testnet-70bfbf4e317e}
}

@online{ethereum.stackexchange.com/faucets,
    author={eth},
	year={2017},
	month={2},
	urldate={2017-02-04},
    url={https://ethereum.stackexchange.com/questions/84/what-public-test-networks-and-faucets-exist}
}

@manual{status-im_whitepaper,
    author={status-im team},
    title={The Status Network},
    year={2017},
    month={5},
    urldate={2017-05-29},
    url={https://status.im/whitepaper.pdf},
    hyphenation={english}
}

@online{status.im,
    author={status.im},
	year={2017},
	month={2},
	urldate={2017-02-04},
    url={https://status.im}
}

@online{ibtimes.co.uk/abiguity,
    author={Ian Allison},
	year={2016},
	month={8},
	urldate={2017-03-04},
    url={http://www.ibtimes.co.uk/pwc-blockchain-expert-pinpoints-sources-ambiguity-smart-contracts-1575778}
}


@online{solidity.readthedocs.io,
    author={Ethereum},
	year={2016},
	urldate={2017-03-20},
    url={http://solidity.readthedocs.io}
}

@online{media.consensys.net/events-and-logs,
    author={ConsenSys},
	year={2016},
	month={5},
	urldate={2017-04-11},
    url={https://media.consensys.net/technical-introduction-to-events-and-logs-in-ethereum-a074d65dd61e}
}

@online{cryptocoinnews.com/smart-contract-bitcoin,
    author={Rebecca Campbell},
	year={2016},
	month={6},
	urldate={2017-03-03},
    url={https://www.cryptocoinsnews.com/counterparty-brings-ethereum-smart-contracts-to-the-bitcoin-blockchain/}
}

@online{jonathanpatrick.me/ethereum,
    author={Jonathan Brown},
	year={2015},
	month={10},
	urldate={2017-04-13},
    url={http://jonathanpatrick.me/blog/ethereum-compressed-text}
}

@online{blog.ethereum.org/block-time,
    author={Vitalik Buterin},
	year={2014},
	month={7},
	urldate={2017-03-16},
    url={https://blog.ethereum.org/2014/07/11/toward-a-12-second-block-time/}
}

@online{media.consensys.net/gas-and-fuel,
    author={ConsenSys},
	year={2016},
	month={6},
	urldate={2017-03-12},
    url={https://media.consensys.net/ethereum-gas-fuel-and-fees-3333e17fe1dc}
}

@online{cryptocompare.com/gas,
    author={cryptocompare.com},
	year={2016},
	month={6},
	urldate={2017-03-12},
    url={https://www.cryptocompare.com/coins/guides/what-is-the-gas-in-ethereum/}
}

@online{keccak.noekeon.org,
    author={Radboud University},
	year={2017},
	month={3},
	urldate={2017-03-28},
    url={http://keccak.noekeon.org/}
}

@manual{replay_attack_on_security_protocols,
    author={Sreekanth Malladi, Jim Alves-Foss, Robert B. Heckendorn},
    title={On Preventing Replay Attacks on Security Protocols},
    year={2002},
	urldate={2017-05-09},
    url={http://oai.dtic.mil/oai/oai?verb=getRecord&metadataPrefix=html&identifier=ADA462295}
}

@online{github.com/ethereum,
    author={Ethereum},
	year={2017},
	urldate={2017-03-28},
    url={https://github.com/ethereum/}
}

@online{github.com/status-im/status-go,
    author={status-im},
	year={2017},
	month={3},
	urldate={2017-03-28},
    url={https://github.com/status-im/status-go/}
}

@online{developer.android.com,
    author={Android},
	year={2017},
	month={3},
	urldate={2017-03-16},
    url={https://developer.android.com/}
}

@online{blog.ethereum.org/oracles,
    author={Vitalik Buterin},
	year={2014},
	month={7},
	urldate={2014-02-28},
    url={https://blog.ethereum.org/2014/07/22/ethereum-and-oracles/}
}

@online{tendermint.com/intro,
    author={tendermint.com},
	year={2017},
	month={3},
	urldate={2014-03-08},
    url={https://tendermint.com/intro/}
}




%AB HIER FOLGT ZEUGS VOM ÖSTERREICHER! HAB'S DRINN GELASSEN FÜR REFERENZ.


@manual{amsldoc02,
    author={{American Mathematical Society}},
    title={User's Guide for the {\tt amsmath} Package},
    year={2002},
    version={2.0},
    url={ftp://ftp.ams.org/pub/tex/doc/amsmath/amsldoc.pdf},
		hyphenation={english},
		keywords={manualexample1}
}

@thesis{Artner07,
		author={Artner, Nicole Maria},
		title={Analyse und Reimplementierung des Mean-Shift Tracking-Verfahrens},
		type={Diplomarbeit},
		year={2007},
		month={7},
		institution={University of Applied Sciences Upper Austria, Digitale Medien},
		address={Hagenberg, Austria},
		url={http://theses.fh-hagenberg.at/thesis/Artner07},
	  hyphenation={german},
	  keywords={diplomarbeitexample1} 
}

@thesis{Bacher04,
	  author={Bacher, Florian},
	  title={Interaktionsmöglichkeiten mit Bildschirmen und großflächigen Projektionen},
	  type={Bachelorarbeit},
	  year={2004},
	  month={6},
	  institution={University of Applied Sciences Upper Austria, Medientechnik und {-design}},
		address={Hagenberg, Austria},
    hyphenation={german},
    keywords={bachelorarbeitexample1} 
}

@manual{Braams2008,
    author={Braams, Johannes},
    title={Babel, a multilingual package for use with {LaTeX}'s standard document classes},
    month={4},
    year={2008},
    url={www.ctan.org/tex-archive/macros/latex/required/babel/},
    hyphenation={english}
}

@inproceedings{Burger87,
    author={Burger, Wilhelm and Bhanu, Bir},
    title={Qualitative Motion Understanding},
    booktitle={Proceedings of the Intl.\ Joint Conference on Artificial Intelligence},
    year={1987},
    month={5},
    editor={McDermott, John P.},
    venue={Mailand},
    publisher={Morgan Kaufmann Publishers},
    address={San Francisco},
    pages={819-821},
    hyphenation={english},
    keywords={inproceedingsexample1}
}

@book{BurgerBurge06,
    author={Burger, Wilhelm and Burge, Mark},
    title={Digitale Bildverarbeitung -- 
           Eine Einführung mit Java und ImageJ},
    publisher={Springer-Verlag},
    location={Heidelberg},
    edition={2},
    year={2006},
    hyphenation={german},
    keywords={bookexample1}
}

@book{BurgerBurge08,
    author={Burger, Wilhelm and Burge, Mark},
    title={Digital Image processing -- 
           An Algorithmic Introduction Using Java},
    publisher={Springer},
    location={New York},
    year={2008},
    hyphenation={english}
}

@manual{Carlisle99,
    author={Carlisle, D. P.},
    title={Packages in the {`graphics'} bundle},
    year={1999},
    month={1},
    url={www.tex.ac.uk/tex-archive/macros/latex/required/graphics/grfguide.pdf},
    hyphenation={english},
}

@online{CocaCola1940,
	author={Wolcott,Marion Post},
	year={1940},
	url={http://www.arspublik.com/public-domain-images-cola-storefront/}
}

@manual{Cochran95,
    author={Cochran, Steven Douglas},
    title={The {\tt subfigure} Package},
    year={1995},
    month={3},
		url={www.tex.ac.uk/tex-archive/macros/latex/contrib/supported/subfigure/subfigure.pdf},
    hyphenation={english}
}

@techreport{Drake48,
    author={Drake, Huber M. and McLaughlin, Milton D. and Goodman, Harold R.},
    title={Results obtained during accelerated transonic tests of the {Bell}
        {XS-1} airplane in flights to a {MACH} number of 0.92},
    institution={NASA Dryden Flight Research Center},
    year={1948},
    month={1},
    address={Edwards, CA},
    number={NACA-RM-L8A05A},
    url={http://www.nasa.gov/centers/dryden/pdf/87528main_RM-L8A05A.pdf},
    hyphenation={english},
    keywords={techreportexample1}
}

@book{Duden97,
    author={Christian, Friedrich},
    title={Schriftliche Arbeiten im technisch-natur\-wissen\-schaft\-lichen Studium: ein Leitfaden zur effektiven Erstellung und zum Einsatz moderner Arbeitsmethoden},
    publisher={Bibliographisches Institut},
    series={Duden Taschenbücher},
    volume={27},
    address={Mannheim},
    year={1997},
    hyphenation={german}
}

@incollection{Ears99,
    author={Burge, Mark and Burger, Wilhelm},
    title={Ear Biometrics},
    booktitle={Biometrics: Personal Identification in Networked Society},
    publisher={Kluwer Academic Publishers},
    year={1999},
    address={Boston},
    editor={Jain, Anil K. and Bolle, Ruud and Pankanti, Sharath},
    chapter={13},
    pages={273-285},
    hyphenation={english},
    keywords={incollectionexample1}
}

@thesis{Eberl87,
    author={Eberl, Gerhard},
    title={Automatischer Landeanflug durch Rechnersehen},
    type={phdthesis},
    year={1987},
    month={8},
    institution={Universität der Bundeswehr, Fakultät für Raum- und Luftfahrttechnik},
    address={München},
    hyphenation={german},
    keywords={phdthesisexample1}
}

@misc{EuRichtlinie2000,
		author={{Europäische Union}},
		title={Richtline 2000/14/EG des Europäischen Parlaments und des Rates vom 8.\ Mai 2000 zur 
			Angleichung der Rechtsvorschriften der Mitgliedstaaten über umweltbelastende Geräuschemissionen 
			von zur Verwendung im Freien vorgesehenen Geräten und Maschinen},
		howpublished={Amtsblatt der Europäischen Gemeinschaften, L 162},
		url={http://eur-lex.europa.eu/LexUriServ/LexUriServ.do?uri=CONSLEG:2000L0014:20051227:de:PDF},
		hyphenation={german}
}

@book{Faires34,
    author={Faires, V. M.},
    title={Design of Machine Elements},
    publisher={The Mac\-millan Com\-pany},
    year={1934},
    note={Originalausgabe 1920},
    hyphenation={english}
}

@misc{FhStG93,
    title={Bundesgesetz über Fachhochschul-Studiengänge},
    howpublished={BGBl.\ Nr.\ 340/1993, zuletzt geändert mit Bundesgesetz BGBl.\ I Nr.\ 89/2007},
    url={http://www.bmwf.gv.at/startseite/hochschulen/universitaeten/gesetze/organisationsrecht/fhstg/},
    hyphenation={german}
}

@video{Futurama99,
	  author={Groening, Matt},
	  title={Futurama -- Season 1 Collection},
	  howpublished={DVD},
	  year={2002},
	  month={2},
	  note={Twentieth Century Fox Home Entertainment},
	  hyphenation={english},
	  keywords={videoexample1}
}

@article{Guttman01,
    author={Guttman, Erik},
    title={Autoconfiguration for {IP} Networking},
    journal={IEEE Internet Computing},
    volume={5},
    issue={Mai/Juni},
    year={2001},
    pages={81-86},
    hyphenation={english}
}

@book{Higham98,
    author={Higham, Nicholas J.},
    title={Handbook of Writing for the Mathematical Sciences},
    publisher={Society for Industrial and Applied Mathematics (SIAM)},
    address={Philadelphia},
    edition={2},
    year={1998},
    url={www.maths.manchester.ac.uk/~higham/hwms/},
    hyphenation={english}
}

@online{HistoryOfComputers2008,
    title={History of Computers},
    year={2008},
    url={http://www.youtube.com/watch?v=LvKxJ3bQRKE},
    hyphenation={english},
    keywords={onlineexample1}
}

@online{IBM360,
	url={http://www.plyojump.com/classes/mainframe_era.html},
	keywords={onlineexample3}
}

@book{Kopka98,
    author={Kopka, Helmut and Daly, Patric William},
    title={A Guide to LaTeX},
    publisher={Addison-Wesley},
    address={Reading, MA},
    year={1998},
    edition={3},
    hyphenation={english}
}

@book{Lamport94,
    author={Lamport, Leslie},
    title={{LaTeX}, A Document Preparation System},
    publisher={Addison-Wesley},
    address={Reading, MA},
    year={1994},
    edition={2},
    hyphenation={english}
}

@book{Lamport95,
    author={Lamport, Leslie},
    title={Das {LaTeX}-Handbuch},
    publisher={Addison-Wesley},
    address={Reading, MA},
    year={1995},
    hyphenation={german}
}

@manual{Lehman2011,
    author={Lehman, Philipp},
    title={The {biblatex} Package -- Programmable Bibliographies and Citations},
    year={2011},
    month={6},
    version={1.5a},
    url={ftp://ctan.tug.org/pub/ctan/macros/latex/exptl/biblatex/doc/biblatex.pdf},
    hyphenation={english}
}

@manual{mathmode09,
    author={Voß, Herbert},
    title={Math mode -- v.2.41},
    year={2009},
    url={http://ctan.tug.org/tex-archive/info/math/voss/mathmode/},
    hyphenation={english}
}

@article{Mermin89,
    author={Mermin, Nathaniel David},
    title={What's wrong with these equations?},
    journal={Physics Today},
    volume={42},
    number={10},
    year={1989},
    pages={9-11},
    hyphenation={english},
    keywords={articleexample1}
}

@movie{Nosferatu,
    title={Nosferatu -- A Symphony of Horrors},
    howpublished={Film},
    year={1922},
    note={Drehbuch/Regie: F.\ W.\ Murnau. Mit Max Schreck, Gustav von Wangenheim, Greta Schröder.},
    hyphenation={english},
    keywords={movieexample1}
}

@manual{Oetiker01,
    author={Oetiker, Tobias and Partl, Hubert and Hyna, Irene and Schlegl, Elisabeth},
    title={The Not So Short Introduction to {LaTeX2e}},
    year={2001},
    month={4},
    url={www.tex.ac.uk/tex-archive/info/lshort/english/},
    hyphenation={english}
}

@misc{OoeRaumordnungsgesetz94,
    title={Oberösterreichisches Raumordnungsgesetz 1994},
    howpublished={LGBl 1994/114 idF 1995/93},
    url={http://www.ris.bka.gv.at/Dokumente/LrOO/LOO40007538/LOO40007538.pdf},
    hyphenation={german},
    keywords={miscexample1}
}

@manual{Oostrum97,
    author={Oostrum, {Piet van}},
    title={Page layout in {LaTeX}},
    year={1997},
    month={5},
    url={www.tex.ac.uk/tex-archive/macros/latex/contrib/supported/fancyhdr/},
    hyphenation={english}
}

@manual{Pakin01,
    author={Pakin, Scott},
    title={The Comprehensive {LaTeX} Symbol List},
    year={2001},
    month={7},
    url={www.tex.ac.uk/tex-archive/info/symbols/comprehensive/symbols-a4.pdf},
    hyphenation={english}
}

@manual{Patashnik88,
    author={Patashnik, Oren},
    title={{BiBTeXing}},
    year={1988},
    month={2},
    url={www.literateprogramming.com/btxdoc.pdf},
    hyphenation={english}
}
@movie{Psycho,
    title={Psycho},
    howpublished={Film},
    year={1960},
    note={Regie: Alfred Hitchcock, 
      Drehbuch: Joseph Stefano.
      Nach dem Roman von Robert Bloch. 
      Mit Anthony Perkins, Vera Miles, Janet Leigh.},
    hyphenation={english}
}


@manual{Raichle98,
    author={Raichle, Bernd},
    title={Kurzbeschreibung {german.sty} und {ngerman.sty}},
    year={1998},
    month={7},
    url={www.tex.ac.uk/tex-archive/language/german/gerdoc.pdf},
    hyphenation={german}
}

@manual{Schmidt01,
    author={Schmidt, Walter and Knappen, Jörg and Partl, Hubert and Hyna, Irene},
    title={{LaTeX2e} Kurzbeschreibung},
    year={2001},
    month={6},
    url={www.tex.ac.uk/tex-archive/info/lshort/german/l2kurz.pdf},
    hyphenation={german}
}

@manual{Sommerfeldt07,
    author={Sommerfeldt, Axel},
    title={Setzen von Abbildungs- und Tabellenbeschriftungen mit dem {\tt caption}-Paket},
    year={2007},
    month={4},
    url={www.tex.ac.uk/tex-archive/macros/latex/contrib/caption/anleitung.pdf},
    hyphenation={german}
}

@manual{Taylor96,
    author={Taylor, Paul and Dawson, Mark},
    title={Bibliography files in {Hypatia}},
    year={1996},
    month={6},
    url={http://hypatia.dcs.qmw.ac.uk/html/bibliography.html},
    hyphenation={english}
}

@online{WikiReliquienschrein,
		url={http://de.wikipedia.org/wiki/Reliquienschrein},
		urldate={2011-06-19},
		keywords={onlineexample2}
}

@audio{Zappa95,
	  author={Zappa, Frank},
	  title={Freak Out},
	  howpublished={Audio-CD},
	  year={1995},
	  month={5},
	  note={Rykodisc, New York},
	  hyphenation={english},
	  keywords={audioexample1}
}

@software{LegendOfZelda98,
   author={Miyamoto, Shigeru and Aonuma, Eiji and Koizumi, Yoshiaki},
   title={The Legend of Zelda: Ocarina of Time},
   howpublished={N64-Spielmodul},
   publisher={Nintendo},
   year={1998},
   hyphenation={english}
}

